@article{kahng2018gan,
  title     = {Gan lab: Understanding complex deep generative models using interactive visual experimentation},
  author    = {Kahng, Minsuk and Thorat, Nikhil and Chau, Duen Horng and Vi{\'e}gas, Fernanda B and Wattenberg, Martin},
  journal   = {IEEE transactions on visualization and computer graphics},
  volume    = {25},
  number    = {1},
  pages     = {310--320},
  year      = {2018},
  publisher = {IEEE}
}

@article{goodfellow2014generative,
  title   = {Generative adversarial nets},
  author  = {Goodfellow, Ian and Pouget-Abadie, Jean and Mirza, Mehdi and Xu, Bing and Warde-Farley, David and Ozair, Sherjil and Courville, Aaron and Bengio, Yoshua},
  journal = {Advances in neural information processing systems},
  volume  = {27},
  year    = {2014}
}

@article{kaji2023adversarial,
  title     = {An adversarial approach to structural estimation},
  author    = {Kaji, Tetsuya and Manresa, Elena and Pouliot, Guillaume},
  journal   = {Econometrica},
  volume    = {91},
  number    = {6},
  pages     = {2041--2063},
  year      = {2023},
  publisher = {Wiley Online Library}
}s

@article{athey2024using,
  title     = {Using wasserstein generative adversarial networks for the design of monte carlo simulations},
  author    = {Athey, Susan and Imbens, Guido W and Metzger, Jonas and Munro, Evan},
  journal   = {Journal of Econometrics},
  volume    = {240},
  number    = {2},
  pages     = {105076},
  year      = {2024},
  publisher = {Elsevier}
}

@article{weng2017gan,
  title   = {From GAN to WGAN},
  author  = {Weng, Lilian},
  journal = {lilianweng.github.io},
  year    = {2017},
  url     = {https://lilianweng.github.io/posts/2017-08-20-gan/}
}
